[gd_scene load_steps=2 format=3 uid="uid://cu40yh8qrwtpd"]

[ext_resource type="Texture2D" uid="uid://x0m47jbcaxuw" path="res://icon.png" id="1"]

[node name="Control" type="Control"]
layout_mode = 3
anchors_preset = 15
anchor_right = 1.0
anchor_bottom = 1.0

[node name="HBoxContainer" type="HBoxContainer" parent="."]
layout_mode = 0
anchor_right = 1.0
anchor_bottom = 1.0
alignment = 1

[node name="TextureRect" type="TextureRect" parent="HBoxContainer"]
layout_mode = 2
texture = ExtResource("1")

[node name="MarginContainer" type="MarginContainer" parent="HBoxContainer"]
layout_mode = 2

[node name="VBoxContainer" type="VBoxContainer" parent="HBoxContainer/MarginContainer"]
layout_mode = 2

[node name="Label" type="Label" parent="HBoxContainer/MarginContainer/VBoxContainer"]
layout_mode = 2
text = "Header"

[node name="Label2" type="Label" parent="HBoxContainer/MarginContainer/VBoxContainer"]
layout_mode = 2
text = "Date"

[node name="HSeparator" type="HSeparator" parent="HBoxContainer/MarginContainer/VBoxContainer"]
layout_mode = 2

[node name="Label3" type="Label" parent="HBoxContainer/MarginContainer/VBoxContainer"]
layout_mode = 2
text = "First few words of the first Paragraph"

[node name="HSeparator2" type="HSeparator" parent="HBoxContainer/MarginContainer/VBoxContainer"]
layout_mode = 2

[node name="LinkButton" type="LinkButton" parent="HBoxContainer/MarginContainer/VBoxContainer"]
layout_mode = 2
text = "Read More"
